% Encoding: UTF-8

@Misc{microsoft,
  author       = {Microsoft},
  title        = {Architekturstil für {M}icroservices},
  howpublished = {Internetseite},
  month        = oct,
  year         = {2019},
  url          = {https://docs.microsoft.com/de-de/azure/architecture/guide/architecture-styles/microservices},
}

@Article{fowlerlewis,
  author  = {Martin Fowler, James Lewis},
  title   = {Microservices: {N}ur ein weiteres {K}onzept in der {S}oftwarearchitektur oder mehr?},
  journal = {www.objektspektrum.de},
  year    = {2015},
}

@Book{microservices,
  title     = {Microservices {G}rundlagen flexibler {S}oftwarearchitekturen},
  publisher = {dpunkt.verlag},
  year      = {2018},
  author    = {Eberhard Wolff},
  editor    = {dpunkt.verlag},
}

@Misc{smartbear,
  author       = {Tom Huston},
  title        = {Was ist eine {M}icroservice-{A}rchitektur?},
  howpublished = {Internetseite},
  month        = mar,
  year         = {2020},
  url          = {https://smartbear.de/learn/api-design/what-are-microservices/},
}

@Manual{keyhole,
  title  = {Microservices: {P}atterns for {E}nterprise agility and scalability},
  author = {Keyhole Software},
  year   = {2017},
}

@Misc{ieeetalk,
  author       = {Johannes Thönes},
  title        = {Microservices},
  howpublished = {Internet IEEE Software},
  month        = feb,
  year         = {2015},
  url          = {https://ieeexplore.ieee.org/abstract/document/7030212/metrics#metrics},
}

@Book{unixphilosophie,
  title     = {The {U}{N}{I}{X} {P}hilosophy},
  publisher = {Digital Press},
  year      = {1995},
  author    = {Mike Gancarz},
  editor    = {Digital Press},
}

@Misc{monolith,
  author       = {Andreas Fink},
  title        = {Monolithisches {I}{T}-{S}ystem},
  howpublished = {Internetseite},
  month        = oct,
  year         = {2012},
  url          = {https://www.enzyklopaedie-der-wirtschaftsinformatik.de/wi-enzyklopaedie/lexikon/is-management/Systementwicklung/Softwarearchitektur/Architekturparadigmen/Monolithisches-IT-System},
}

@Techreport {sagas,
    author      = {Hector Garcia-Molina, Kenneth Salem},
    title       = {SAGAS},
    institution = {Priceton University},
    year        = {1987}
}

@Misc{eventual_persitence,
  author       = {Kikhil Barthwal},
  title        = {Implementing Event-Driven Microservices},
  howpublished = {DevOps Con},
  year         = {2019}
}

@Comment{jabref-meta: databaseType:bibtex;}
